@Book{xie2015,
  title = {Dynamic Documents with {R} and knitr},
  author = {Yihui Xie},
  publisher = {Chapman and Hall/CRC},
  address = {Boca Raton, Florida},
  year = {2015},
  edition = {2nd},
  note = {ISBN 978-1498716963},
  url = {http://yihui.name/knitr/},
}

@Book{Gillespie2017,
 author = {Gillespie, Colin and Lovelace, Robin},
 title = {Efficient R Programming: A Practical Guide to Smarter Programming},
 year = {2017},
 isbn = {1491950781, 9781491950784},
 edition = {1st},
 publisher = {O'Reilly Media, Inc.},
}

@book{Wickham2017,
  title={R for Data Science},
  author={Wickham, H. and Grolemund, G.},
  isbn={9781491910399},
  url={http://r4ds.had.co.nz/},
  year={2017},
  publisher={O'Reilly Media}
}

@article{Wickham2014,
   author = {H.  Wickham},
   title = {Tidy Data},
   journal = {Journal of Statistical Software, Articles},
   volume = {59},
   number = {10},
   year = {2014},
   issn = {1548-7660},
   pages = {1--23},
   doi = {10.18637/jss.v059.i10},
   url = {https://www.jstatsoft.org/v059/i10}
}

@Manual{Wickham-dplyr,
    title = {dplyr: A Grammar of Data Manipulation},
    author = {H. Wickham and R. Francois and L. Henry and K. MÃ¼ller},
    year = {2017},
    note = {R package version 0.7.4},
    url = {https://CRAN.R-project.org/package=dplyr},
  }


@inbook{Dasu-Johnson,
editor = {Walter A. Shewhart and Samuel S. Wilks},
author = {Tamraparni Dasu and Theodore Johnson},
publisher = {Wiley-Blackwell},
isbn = {9780471448358},
title = {Data Quality},
booktitle = {Exploratory Data Mining and Data Cleaning},
chapter = {4},
pages = {99-137},
doi = {10.1002/0471448354.ch4},
url = {https://onlinelibrary.wiley.com/doi/abs/10.1002/0471448354.ch4},
eprint = {https://onlinelibrary.wiley.com/doi/pdf/10.1002/0471448354.ch4},
year = {2003},
keywords = {data quality, meaning, updating DQ metrics, data quality continuum, measuring data quality, DQ process}
}

@incollection{Oki2011,
title = {Global Hydrology},
editor = {Wilderer, P.},
booktitle = {Treatise on Water Science},
publisher = {Elsevier},
address = {Oxford},
year = {2011},
pages = {3 - 25},
isbn = {978-0-444-53199-5},
doi = {http://dx.doi.org/10.1016/B978-0-444-53199-5.00025-7},
url = {http://www.sciencedirect.com/science/article/pii/B9780444531995000257},
author = {Oki, T.}
}
